% Encoding: UTF-8


@MastersThesis{Avila2015,
  Title                    = {Uma proposta de modelo de processo para publica{\c{c}}{\~{a}}o de dados abertos conectados governamentais},
  Author                   = {Ávila, T. J. T.},
  School                   = {Universidade Federal de Alagoas},
  Year                     = {2015},
  Type                     = {Master Thesis},

  Keywords                 = {Dados Abertos,Dados Abertos Conectados,Dados Abertos Conectados Governamentais,Dados Governamentais,Modelo Computacional,Modelo de Processo.},
  Mendeley-groups          = {Mestrado},
  Pages                    = {223}
}

@Article{berners2006linked,
  Title                    = {Linked data-design issues},
  Author                   = {Berners-Lee, Tim},
  Year                     = {2006}
}

@Article{berners2001semantic,
  Title                    = {The semantic web},
  Author                   = {Berners-Lee, Tim and Hendler, James and Lassila, Ora and others},
  Journal                  = {Scientific american},
  Year                     = {2001},
  Number                   = {5},
  Pages                    = {28--37},
  Volume                   = {284},

  Publisher                = {New York, NY, USA:}
}

@Article{bizer2007publish,
  Title                    = {How to publish linked data on the web},
  Author                   = {Bizer, Chris and Cyganiak, Richard and Heath, Tom and others},
  Year                     = {2007}
}

@PhdThesis{caimi2012ontology,
  Title                    = {Ontology and instance matching for the linked open data cloud},
  Author                   = {Caimi, Federico},
  School                   = {Politecnico di Milano},
  Year                     = {2012}
}

@Article{Castano2008,
  Title                    = {On the ontology instance matching problem},
  Author                   = {Castano, S. and Ferrara, A. and Lorusso, D. and Montanelli, S.},
  Journal                  = {Proceedings - International Workshop on Database and Expert Systems Applications, DEXA},
  Year                     = {2008},
  Number                   = {Section IV},
  Pages                    = {180--184},

  Abstract                 = {Most of the existing work on ontology matching is focused at the schema level, while, at the time being, instancelevel matching techniques are only marginally considered. In this paper, we address the problem of ontology instance matching by providing a reference definition and by discussing key requirements and possible application fields. The architectural design of the HMatch 2.0 ontology matching suite is also presented as a concrete example of an ontology instance matcher. {\textcopyright} 2008 IEEE.},
  Doi                      = {10.1109/DEXA.2008.31},
  File                     = {:home/armando/.local/share/data/Mendeley Ltd./Mendeley Desktop/Downloaded/Castano et al. - 2008 - On the ontology instance matching problem.pdf:pdf},
  ISBN                     = {9780769532998},
  ISSN                     = {15294188},
  Mendeley-groups          = {Mestrado}
}

@inproceedings{cheatham2015results,
  title={Results of the ontology alignment evaluation initiative 2015},
  author={Cheatham, Michelle and Dragisic, Zlatan and Euzenat, J{\'e}r{\^o}me and Faria, Daniel and Ferrara, Alfio and Flouris, Giorgos and Fundulaki, Irini and Granada, Roger and Ivanova, Valentina and Jim{\'e}nez-Ruiz, Ernesto and others},
  booktitle={10th ISWC workshop on ontology matching (OM)},
  pages={60--115},
  year={2015},
  organization={No commercial editor.}
}
@InProceedings{farinelli2013papel,
  Title                    = {O PAPEL DAS ONTOLOGIAS NA INTEROPERABILIDADE DE SISTEMAS DE INFORMA{\c{C}}{\~A}O: REFLEX{\~O}ES NA ESFERA GOVERNAMENTAL},
  Author                   = {Farinelli, Fernanda and Melo, Stefane and Almeida, Maur{\'\i}cio B},
  Booktitle                = {ENANCIB 2013},
  Year                     = {2013}
}

@Article{gu2003record,
  Title                    = {Record linkage: Current practice and future directions},
  Author                   = {Gu, Lifang and Baxter, Rohan and Vickers, Deanne and Rainsford, Chris},
  Journal                  = {CSIRO Mathematical and Information Sciences Technical Report},
  Year                     = {2003},
  Pages                    = {83},
  Volume                   = {3},

  Publisher                = {Citeseer}
}

@Book{guarino1998formal,
  Title                    = {Formal ontology in information systems: Proceedings of the first international conference (FOIS'98), June 6-8, Trento, Italy},
  Author                   = {Guarino, Nicola},
  Publisher                = {IOS press},
  Year                     = {1998},
  Volume                   = {46}
}

@Article{heath2011linked,
  Title                    = {Linked data: Evolving the web into a global data space},
  Author                   = {Heath, Tom and Bizer, Christian},
  Journal                  = {Synthesis lectures on the semantic web: theory and technology},
  Year                     = {2011},
  Number                   = {1},
  Pages                    = {1--136},
  Volume                   = {1},

  Publisher                = {Morgan \& Claypool Publishers}
}

@InProceedings{homoceanu2014putting,
  Title                    = {Putting Instance Matching to the Test: Is Instance Matching Ready for Reliable Data Linking?},
  Author                   = {Homoceanu, Silviu and Kalo, Jan-Christoph and Balke, Wolf-Tilo},
  Booktitle                = {International Symposium on Methodologies for Intelligent Systems},
  Year                     = {2014},
  Organization             = {Springer},
  Pages                    = {274--284}
}

@InCollection{hyland2011joy,
  Title                    = {The joy of data-a cookbook for publishing linked government data on the web},
  Author                   = {Hyland, Bernadette and Wood, David},
  Booktitle                = {Linking government data},
  Publisher                = {Springer},
  Year                     = {2011},
  Pages                    = {3--26}
}

@Book{Isotani2015,
  Title                    = {Dados Abertos Conectados},
  Author                   = {Isotani, Seiji and Bittencourt, Ig Ibert},
  Year                     = {2015},

  Abstract                 = {Atualmente, grandes quantidades de dados s{\~{a}}o publicados na web em diversos formatos (pdf,xls, csv, jpg). Mas, apesar da grande quantidade de informa{\c{c}}{\~{a}}o dispon{\'{i}}vel, tais informa{\c{c}}{\~{o}}ess{\~{a}}o interpretadas em sua maioria, por seres humanos. Desta forma, os Dados Conectadospermitem que dados publicados em diferentes fontes possam ser processados por m{\'{a}}quina,proporcionando um contexto mais enriquecido de entendimento sobre um determinadoconjunto de dados a ser utilizado. Complementarmente, a publica{\c{c}}{\~{a}}o de dados conectadoscom caracter{\'{i}}sticas abertas possibilita o processamento autom{\'{a}}tico de grande quantidade dedados e a execu{\c{c}}{\~{a}}o de infer{\^{e}}ncias sobre eles, considerando que os dados abertos possuem pornatureza, atributos que estimulam o seu amplo uso e re{\'{u}}so para diversas finalidades. Estecap{\'{i}}tulo visa apresentar um roteiro de minicurso que estimule e viabilize a publica{\c{c}}{\~{a}}o dedados abertos conectados.},
  Archiveprefix            = {arXiv},
  Arxivid                  = {arXiv:1011.1669v3},
  Booktitle                = {N{\'{U}}CLEO DE INFORMA{\c{C}}{\~{A}}O E COORDENA{\c{C}}{\~{A}}O DO PONTO Br – NIC.br Centro de Estudos sobre Tecnologia Web – CeWeb.br},
  Doi                      = {10.13140/RG.2.1.4355.6329},
  Eprint                   = {arXiv:1011.1669v3},
  File                     = {:home/armando/Downloads/LivroColoridoComCapa.pdf:pdf},
  ISBN                     = {978-85-7522-449-6},
  ISSN                     = {24470821},
  Keywords                 = {de computa{\c{c}}{\~{a}}o da uni-,fez dou-,logias e web sem{\^{a}}ntica,na osaka,onto-,torado em engenharia de,versidade de s{\~{a}}o paulo},
  Mendeley-groups          = {Mestrado},
  Pages                    = {175},
  Pmid                     = {25246403},
  Url                      = {http://ceweb.br/livros/dados-abertos-conectados/}
}

@Article{menestrina2005generic,
  Title                    = {Generic entity resolution with data confidences},
  Author                   = {Menestrina, David and Benjelloun, Omar and Garcia-Molina, Hector},
  Year                     = {2005},

  Publisher                = {Stanford}
}

@InProceedings{sarawagi2002interactive,
  Title                    = {Interactive deduplication using active learning},
  Author                   = {Sarawagi, Sunita and Bhamidipaty, Anuradha},
  Booktitle                = {Proceedings of the eighth ACM SIGKDD international conference on Knowledge discovery and data mining},
  Year                     = {2002},
  Organization             = {ACM},
  Pages                    = {269--278}
}

@InProceedings{simon2004using,
  Title                    = {Using Philosophy to Improve the Coherence and Interoperability of Applications Ontologies: A Field Report on the Collaboration of IFOMIS and L\&C.},
  Author                   = {Simon, Jonathan and Fielding, James Matthew and Smith, Barry},
  Booktitle                = {WSPI},
  Year                     = {2004}
}

@InCollection{villazon2011methodological,
  Title                    = {Methodological guidelines for publishing government linked data},
  Author                   = {Villaz{\'o}n-Terrazas, Boris and Vilches-Bl{\'a}zquez, Luis M and Corcho, Oscar and G{\'o}mez-P{\'e}rez, Asunci{\'o}n},
  Booktitle                = {Linking government data},
  Publisher                = {Springer},
  Year                     = {2011},
  Pages                    = {27--49}
}

@Article{world2014best,
  Title                    = {Best practices for publishing linked data},
  Author                   = {W3C and others},
  Year                     = {2014},

  Publisher                = {World Wide Web Consortium}
}

@Book{wood2014linked,
  Title                    = {Linked Data},
  Author                   = {Wood, David and Zaidman, Marsha and Ruth, Luke and Hausenblas, Michael},
  Publisher                = {Manning Publications Co.},
  Year                     = {2014}
}

@book{deved2006semantic,
  title={Semantic web and education},
  author={Deved, Vladan and others},
  volume={12},
  year={2006},
  publisher={Springer Science \& Business Media}
}

@article{gruber1993translation,
  title={A translation approach to portable ontology specifications},
  author={Gruber, Thomas R and others},
  journal={Knowledge acquisition},
  volume={5},
  number={2},
  pages={199--220},
  year={1993},
  publisher={Citeseer}
}
@InProceedings{jimenez2009generalized,
  author       = {Jimenez, Sergio and Becerra, Claudia and Gelbukh, Alexander and Gonzalez, Fabio},
  title        = {Generalized mongue-elkan method for approximate text string comparison},
  booktitle    = {International Conference on Intelligent Text Processing and Computational Linguistics},
  year         = {2009},
  pages        = {559--570},
  organization = {Springer},
}

@InProceedings{cohen2003comparison,
  author    = {Cohen, William and Ravikumar, Pradeep and Fienberg, Stephen},
  title     = {A comparison of string metrics for matching names and records},
  booktitle = {Kdd workshop on data cleaning and object consolidation},
  year      = {2003},
  volume    = {3},
  pages     = {73--78},
}

@InProceedings{monge1996field,
  author    = {Monge, Alvaro E and Elkan, Charles and others},
  title     = {The Field Matching Problem: Algorithms and Applications.},
  booktitle = {KDD},
  year      = {1996},
  pages     = {267--270},
}

@InProceedings{levenshtein1966binary,
  author    = {Levenshtein, Vladimir I},
  title     = {Binary codes capable of correcting deletions, insertions and reversals},
  booktitle = {Soviet physics doklady},
  year      = {1966},
  volume    = {10},
  pages     = {707},
}

@InProceedings{ferrara2008towards,
  author       = {Ferrara, Alflo and Lorusso, Davide and Montanelli, Stefano and Varese, Gaia},
  title        = {Towards a benchmark for instance matching},
  booktitle    = {Proceedings of the 3rd International Conference on Ontology Matching-Volume 431},
  year         = {2008},
  pages        = {37--48},
  organization = {CEUR-WS. org},
}

@Article{zhang2015rimom,
  author  = {Zhang, Yan and Li, Juanzi},
  title   = {RiMOM Results for OAEI 2015},
  journal = {Ontology Matching},
  year    = {2015},
  pages   = {185},
}

@InProceedings{jimenez2011logmap,
  author       = {Jim{\'e}nez-Ruiz, Ernesto and Grau, Bernardo Cuenca},
  title        = {Logmap: Logic-based and scalable ontology matching},
  booktitle    = {International Semantic Web Conference},
  year         = {2011},
  pages        = {273--288},
  organization = {Springer},
}

@Article{jimenez2015logmap,
  author  = {Jim{\'e}nez-Ruiz, E and Grau, B Cuenca and Solimando, A and Cross, V},
  title   = {LogMap family results for OAEI 2015},
  journal = {Ontology Matching},
  year    = {2015},
  pages   = {171},
}

@Article{wang2015lily,
  author  = {Wang, Wenyu and Wang, Peng},
  title   = {Lily Results for OAEI 2015},
  journal = {Ontology Matching},
  year    = {2015},
  pages   = {162},
}

@Book{euzenat2013d,
  title     = {Ontology matching},
  publisher = {Springer-Verlag},
  year      = {2013},
  author    = {J\'er\^ome Euzenat and Pavel Shvaiko},
  address   = {Heidelberg (DE)},
  edition   = {2nd},
  language  = {english},
  page      = {520},
}

@Article{li2009rimom,
  author    = {Li, Juanzi and Tang, Jie and Li, Yi and Luo, Qiong},
  title     = {RiMOM: A dynamic multistrategy ontology alignment framework},
  journal   = {IEEE Transactions on Knowledge and Data Engineering},
  year      = {2009},
  volume    = {21},
  number    = {8},
  pages     = {1218--1232},
  publisher = {IEEE},
}

@Article{singhal2001modern,
  author  = {Singhal, Amit},
  title   = {Modern information retrieval: A brief overview},
  journal = {IEEE Data Eng. Bull.},
  year    = {2001},
  volume  = {24},
  number  = {4},
  pages   = {35--43},
}

@Article{winkler1990string,
  author    = {Winkler, William E},
  title     = {String Comparator Metrics and Enhanced Decision Rules in the Fellegi-Sunter Model of Record Linkage.},
  year      = {1990},
  publisher = {ERIC},
}

@InProceedings{goutte2005probabilistic,
  author       = {Goutte, Cyril and Gaussier, Eric},
  title        = {A probabilistic interpretation of precision, recall and F-score, with implication for evaluation},
  booktitle    = {European Conference on Information Retrieval},
  year         = {2005},
  pages        = {345--359},
  organization = {Springer},
}

@Comment{jabref-meta: databaseType:bibtex;}
